<record><leader>00000cas a2200000 a 4500</leader><controlfield tag="001">28819102</controlfield><controlfield tag="008">930914c188u9999iluwr ne      0   a0eng c</controlfield><datafield ind1=" " ind2=" " tag="010"><subfield code="a">sn 93055733 </subfield></datafield><datafield ind1=" " ind2=" " tag="040"><subfield code="a">NVF</subfield><subfield code="b">eng</subfield><subfield code="c">NVF</subfield><subfield code="d">NVF</subfield><subfield code="d">OCLCF</subfield><subfield code="d">NVF</subfield><subfield code="d">OCLCO</subfield><subfield code="d">OCL</subfield><subfield code="d">NVF</subfield></datafield><datafield ind1=" " ind2=" " tag="042"><subfield code="a">pcc</subfield></datafield><datafield ind1=" " ind2=" " tag="043"><subfield code="a">n-us-il</subfield></datafield><datafield ind1="0" ind2=" " tag="130"><subfield code="a">Fulton Democrat (Lewistown, Ill. : 1884)</subfield></datafield><datafield ind1="1" ind2="4" tag="245"><subfield code="a">The Fulton Democrat.</subfield></datafield><datafield ind1="1" ind2=" " tag="246"><subfield code="i">Published as:</subfield><subfield code="a">Fulton Democrat and Cuba journal</subfield><subfield code="f">Sept. 2-9, 1992</subfield></datafield><datafield ind1=" " ind2=" " tag="260"><subfield code="a">Lewistown, Fulton Co., Ill. :</subfield><subfield code="b">W.T. Davidson</subfield></datafield><datafield ind1=" " ind2=" " tag="300"><subfield code="a">volumes</subfield></datafield><datafield ind1=" " ind2=" " tag="310"><subfield code="a">Weekly,</subfield><subfield code="b">Sept. 24, 1917-</subfield></datafield><datafield ind1=" " ind2=" " tag="321"><subfield code="a">Weekly,</subfield><subfield code="b">&lt;1884&gt;-Feb. 17 [i.e. 14], 1917</subfield></datafield><datafield ind1=" " ind2=" " tag="321"><subfield code="a">Semiweekly,</subfield><subfield code="b">Feb. 19-Sept. 17, 1917</subfield></datafield><datafield ind1=" " ind2=" " tag="588"><subfield code="a">Description based on: 30th year, number 16 (Apr. 17, 1884).</subfield></datafield><datafield ind1=" " ind2="0" tag="651"><subfield code="a">Fulton County (Ill.)</subfield><subfield code="v">Newspapers.</subfield></datafield><datafield ind1=" " ind2="0" tag="651"><subfield code="a">Cuba (Ill.)</subfield><subfield code="v">Newspapers.</subfield></datafield><datafield ind1=" " ind2="7" tag="651"><subfield code="a">Illinois</subfield><subfield code="z">Cuba</subfield><subfield code="2">fast</subfield><subfield code="0">(OCoLC)fst01883500</subfield></datafield><datafield ind1=" " ind2="7" tag="651"><subfield code="a">Illinois</subfield><subfield code="z">Fulton County.</subfield><subfield code="2">fast</subfield><subfield code="0">(OCoLC)fst01213017</subfield></datafield><datafield ind1=" " ind2="7" tag="655"><subfield code="a">Newspapers.</subfield><subfield code="2">fast</subfield><subfield code="0">(OCoLC)fst01423814</subfield></datafield><datafield ind1=" " ind2=" " tag="752"><subfield code="a">United States</subfield><subfield code="b">Illinois</subfield><subfield code="c">Fulton County</subfield><subfield code="d">Lewistown.</subfield></datafield><datafield ind1="0" ind2="0" tag="780"><subfield code="t">Lewistown Democrat (Lewistown, Ill.)</subfield><subfield code="w">(DLC)sn 87082306</subfield><subfield code="w">(OCoLC)15261366</subfield></datafield><datafield ind1="0" ind2="5" tag="780"><subfield code="t">Fulton County news (Lewistown, Ill. : 1917)</subfield></datafield><datafield ind1="0" ind2="5" tag="780"><subfield code="t">Cuba journal</subfield><subfield code="w">(DLC)sn 93055732</subfield><subfield code="w">(OCoLC)28818849</subfield></datafield><datafield ind1="1" ind2=" " tag="029"><subfield code="a">AU@</subfield><subfield code="b">000021386375</subfield></datafield></record>